
@article{lecun1998gradient,
  author  = {LeCun, Yann and Bottou, L{\'e}on and Bengio, Yoshua and Haffner, Patrick},
  year    = {1998},
  title   = {Gradient-based learning applied to document recognition},
  journal = {Proceedings of the IEEE},
  volume  = {86},
  number  = {11},
  pages   = {2278--2324},
  doi     = {10.1109/5.726791}
}

@inproceedings{kingma2015adam,
  author    = {Kingma, Diederik P. and Ba, Jimmy},
  year      = {2015},
  title     = {Adam: A Method for Stochastic Optimization},
  booktitle = {International Conference on Learning Representations}
}

@inproceedings{akiba2019optuna,
  author    = {Akiba, Takuya and Sano, Shotaro and Yanase, Toshihiko and Ohta, Takeru and Koyama, Masanori},
  year      = {2019},
  title     = {Optuna: A Next-generation Hyperparameter Optimization Framework},
  booktitle = {25th {ACM} SIGKDD International Conference on Knowledge Discovery and Data Mining},
  pages     = {2623--2631},
  publisher = {ACM}
}

@book{goodfellow2016deep,
  author    = {Goodfellow, Ian and Bengio, Yoshua and Courville, Aaron},
  year      = {2016},
  title     = {Deep Learning},
  publisher = {MIT Press}
}
